%YAML 1.1
%TAG !u! tag:unity3d.com,2011:
--- !u!1 &4916046318870791475
GameObject:
  m_ObjectHideFlags: 0
  m_CorrespondingSourceObject: {fileID: 0}
  m_PrefabInstance: {fileID: 0}
  m_PrefabAsset: {fileID: 0}
  serializedVersion: 6
  m_Component:
  - component: {fileID: 4916046318870791473}
  - component: {fileID: 4916046318870791474}
  - component: {fileID: 1387793861827384700}
  m_Layer: 0
  m_Name: StreetTile_4b
  m_TagString: Untagged
  m_Icon: {fileID: 0}
  m_NavMeshLayer: 0
  m_StaticEditorFlags: 0
  m_IsActive: 1
--- !u!4 &4916046318870791473
Transform:
  m_ObjectHideFlags: 0
  m_CorrespondingSourceObject: {fileID: 0}
  m_PrefabInstance: {fileID: 0}
  m_PrefabAsset: {fileID: 0}
  m_GameObject: {fileID: 4916046318870791475}
  m_LocalRotation: {x: 0, y: 0, z: 0, w: 1}
  m_LocalPosition: {x: 0, y: 0, z: 0}
  m_LocalScale: {x: 1, y: 1, z: 1}
  m_Children:
  - {fileID: 5412926588238847129}
  - {fileID: 4816058607231019196}
  - {fileID: 3398621122957824830}
  - {fileID: 418863373880849676}
  m_Father: {fileID: 0}
  m_RootOrder: 0
  m_LocalEulerAnglesHint: {x: 0, y: 0, z: 0}
--- !u!114 &4916046318870791474
MonoBehaviour:
  m_ObjectHideFlags: 0
  m_CorrespondingSourceObject: {fileID: 0}
  m_PrefabInstance: {fileID: 0}
  m_PrefabAsset: {fileID: 0}
  m_GameObject: {fileID: 4916046318870791475}
  m_Enabled: 1
  m_EditorHideFlags: 0
  m_Script: {fileID: 11500000, guid: bc398805fb323d14dbaeab13d184d549, type: 3}
  m_Name: 
  m_EditorClassIdentifier: 
  NoDamageTile: {fileID: 4635686849955628579}
  MinorDamageTile: {fileID: 5304610778962719238}
  MajorDamageTile: {fileID: 2621520816297871748}
  DamageEffects: {fileID: 4772858015973803246, guid: 7b8f6395e43d14b43b4dd5d0d892e75e,
    type: 3}
  DamageEffectsTransform: {fileID: 418863373880849676}
  maxHealth: 400
  health: 0
  percentChanceOfDamage: 0.5
  damage: 50
  minorMaxDamagePercent: 0.75
  majorMaxDamagePercent: 1
--- !u!114 &1387793861827384700
MonoBehaviour:
  m_ObjectHideFlags: 0
  m_CorrespondingSourceObject: {fileID: 0}
  m_PrefabInstance: {fileID: 0}
  m_PrefabAsset: {fileID: 0}
  m_GameObject: {fileID: 4916046318870791475}
  m_Enabled: 1
  m_EditorHideFlags: 0
  m_Script: {fileID: 11500000, guid: f7c3d7fdc3866b84cbb3d36e756855ec, type: 3}
  m_Name: 
  m_EditorClassIdentifier: 
  destructionObjects:
  - {fileID: 2908768598257583618, guid: 4f9f479ecd6ef3e4f942ed0e96ac0a96, type: 3}
  - {fileID: 2488762473174016426, guid: bc5bc6c854621fa4dacaaf268c54b7dd, type: 3}
  - {fileID: 5110926579463692112, guid: 583de1300e1ac214b8fd9fca24cc6a39, type: 3}
  - {fileID: 2908768598257583618, guid: 4f9f479ecd6ef3e4f942ed0e96ac0a96, type: 3}
  - {fileID: 2488762473174016426, guid: bc5bc6c854621fa4dacaaf268c54b7dd, type: 3}
  offset: {x: 1.08, y: 0.25, z: -1.01}
  radius: 1.12
--- !u!1 &7254481608852174709
GameObject:
  m_ObjectHideFlags: 0
  m_CorrespondingSourceObject: {fileID: 0}
  m_PrefabInstance: {fileID: 0}
  m_PrefabAsset: {fileID: 0}
  serializedVersion: 6
  m_Component:
  - component: {fileID: 418863373880849676}
  m_Layer: 0
  m_Name: EffectPos
  m_TagString: Untagged
  m_Icon: {fileID: 0}
  m_NavMeshLayer: 0
  m_StaticEditorFlags: 0
  m_IsActive: 1
--- !u!4 &418863373880849676
Transform:
  m_ObjectHideFlags: 0
  m_CorrespondingSourceObject: {fileID: 0}
  m_PrefabInstance: {fileID: 0}
  m_PrefabAsset: {fileID: 0}
  m_GameObject: {fileID: 7254481608852174709}
  m_LocalRotation: {x: 0, y: 0, z: 0, w: 1}
  m_LocalPosition: {x: 0, y: 0, z: 0}
  m_LocalScale: {x: 1, y: 1, z: 1}
  m_Children: []
  m_Father: {fileID: 4916046318870791473}
  m_RootOrder: 3
  m_LocalEulerAnglesHint: {x: 0, y: 0, z: 0}
--- !u!1001 &4916046319025115102
PrefabInstance:
  m_ObjectHideFlags: 0
  serializedVersion: 2
  m_Modification:
    m_TransformParent: {fileID: 4916046318870791473}
    m_Modifications:
    - target: {fileID: 499721291015415650, guid: 68f8253a2e8186b40944af514d2b7289,
        type: 3}
      propertyPath: m_RootOrder
      value: 1
      objectReference: {fileID: 0}
    - target: {fileID: 499721291015415650, guid: 68f8253a2e8186b40944af514d2b7289,
        type: 3}
      propertyPath: m_LocalPosition.x
      value: 0
      objectReference: {fileID: 0}
    - target: {fileID: 499721291015415650, guid: 68f8253a2e8186b40944af514d2b7289,
        type: 3}
      propertyPath: m_LocalPosition.y
      value: 0
      objectReference: {fileID: 0}
    - target: {fileID: 499721291015415650, guid: 68f8253a2e8186b40944af514d2b7289,
        type: 3}
      propertyPath: m_LocalPosition.z
      value: 0
      objectReference: {fileID: 0}
    - target: {fileID: 499721291015415650, guid: 68f8253a2e8186b40944af514d2b7289,
        type: 3}
      propertyPath: m_LocalRotation.w
      value: 1
      objectReference: {fileID: 0}
    - target: {fileID: 499721291015415650, guid: 68f8253a2e8186b40944af514d2b7289,
        type: 3}
      propertyPath: m_LocalRotation.x
      value: 0
      objectReference: {fileID: 0}
    - target: {fileID: 499721291015415650, guid: 68f8253a2e8186b40944af514d2b7289,
        type: 3}
      propertyPath: m_LocalRotation.y
      value: -0
      objectReference: {fileID: 0}
    - target: {fileID: 499721291015415650, guid: 68f8253a2e8186b40944af514d2b7289,
        type: 3}
      propertyPath: m_LocalRotation.z
      value: -0
      objectReference: {fileID: 0}
    - target: {fileID: 499721291015415650, guid: 68f8253a2e8186b40944af514d2b7289,
        type: 3}
      propertyPath: m_LocalEulerAnglesHint.x
      value: 0
      objectReference: {fileID: 0}
    - target: {fileID: 499721291015415650, guid: 68f8253a2e8186b40944af514d2b7289,
        type: 3}
      propertyPath: m_LocalEulerAnglesHint.y
      value: 0
      objectReference: {fileID: 0}
    - target: {fileID: 499721291015415650, guid: 68f8253a2e8186b40944af514d2b7289,
        type: 3}
      propertyPath: m_LocalEulerAnglesHint.z
      value: 0
      objectReference: {fileID: 0}
    - target: {fileID: 983066136471682520, guid: 68f8253a2e8186b40944af514d2b7289,
        type: 3}
      propertyPath: m_Name
      value: StreetTile_4b_mi
      objectReference: {fileID: 0}
    - target: {fileID: 983066136471682520, guid: 68f8253a2e8186b40944af514d2b7289,
        type: 3}
      propertyPath: m_IsActive
      value: 0
      objectReference: {fileID: 0}
    m_RemovedComponents: []
  m_SourcePrefab: {fileID: 100100000, guid: 68f8253a2e8186b40944af514d2b7289, type: 3}
--- !u!1 &5304610778962719238 stripped
GameObject:
  m_CorrespondingSourceObject: {fileID: 983066136471682520, guid: 68f8253a2e8186b40944af514d2b7289,
    type: 3}
  m_PrefabInstance: {fileID: 4916046319025115102}
  m_PrefabAsset: {fileID: 0}
--- !u!4 &4816058607231019196 stripped
Transform:
  m_CorrespondingSourceObject: {fileID: 499721291015415650, guid: 68f8253a2e8186b40944af514d2b7289,
    type: 3}
  m_PrefabInstance: {fileID: 4916046319025115102}
  m_PrefabAsset: {fileID: 0}
--- !u!1001 &4916046319567560526
PrefabInstance:
  m_ObjectHideFlags: 0
  serializedVersion: 2
  m_Modification:
    m_TransformParent: {fileID: 4916046318870791473}
    m_Modifications:
    - target: {fileID: 318641449845315949, guid: af17f0240a75c2e40b7eac529b194e78,
        type: 3}
      propertyPath: m_Name
      value: StreetTileNormal_4
      objectReference: {fileID: 0}
    - target: {fileID: 1092081236745028567, guid: af17f0240a75c2e40b7eac529b194e78,
        type: 3}
      propertyPath: m_RootOrder
      value: 0
      objectReference: {fileID: 0}
    - target: {fileID: 1092081236745028567, guid: af17f0240a75c2e40b7eac529b194e78,
        type: 3}
      propertyPath: m_LocalPosition.x
      value: 0
      objectReference: {fileID: 0}
    - target: {fileID: 1092081236745028567, guid: af17f0240a75c2e40b7eac529b194e78,
        type: 3}
      propertyPath: m_LocalPosition.y
      value: 0
      objectReference: {fileID: 0}
    - target: {fileID: 1092081236745028567, guid: af17f0240a75c2e40b7eac529b194e78,
        type: 3}
      propertyPath: m_LocalPosition.z
      value: 0
      objectReference: {fileID: 0}
    - target: {fileID: 1092081236745028567, guid: af17f0240a75c2e40b7eac529b194e78,
        type: 3}
      propertyPath: m_LocalRotation.w
      value: 1
      objectReference: {fileID: 0}
    - target: {fileID: 1092081236745028567, guid: af17f0240a75c2e40b7eac529b194e78,
        type: 3}
      propertyPath: m_LocalRotation.x
      value: 0
      objectReference: {fileID: 0}
    - target: {fileID: 1092081236745028567, guid: af17f0240a75c2e40b7eac529b194e78,
        type: 3}
      propertyPath: m_LocalRotation.y
      value: -0
      objectReference: {fileID: 0}
    - target: {fileID: 1092081236745028567, guid: af17f0240a75c2e40b7eac529b194e78,
        type: 3}
      propertyPath: m_LocalRotation.z
      value: -0
      objectReference: {fileID: 0}
    - target: {fileID: 1092081236745028567, guid: af17f0240a75c2e40b7eac529b194e78,
        type: 3}
      propertyPath: m_LocalEulerAnglesHint.x
      value: 0
      objectReference: {fileID: 0}
    - target: {fileID: 1092081236745028567, guid: af17f0240a75c2e40b7eac529b194e78,
        type: 3}
      propertyPath: m_LocalEulerAnglesHint.y
      value: 0
      objectReference: {fileID: 0}
    - target: {fileID: 1092081236745028567, guid: af17f0240a75c2e40b7eac529b194e78,
        type: 3}
      propertyPath: m_LocalEulerAnglesHint.z
      value: 0
      objectReference: {fileID: 0}
    m_RemovedComponents: []
  m_SourcePrefab: {fileID: 100100000, guid: af17f0240a75c2e40b7eac529b194e78, type: 3}
--- !u!1 &4635686849955628579 stripped
GameObject:
  m_CorrespondingSourceObject: {fileID: 318641449845315949, guid: af17f0240a75c2e40b7eac529b194e78,
    type: 3}
  m_PrefabInstance: {fileID: 4916046319567560526}
  m_PrefabAsset: {fileID: 0}
--- !u!4 &5412926588238847129 stripped
Transform:
  m_CorrespondingSourceObject: {fileID: 1092081236745028567, guid: af17f0240a75c2e40b7eac529b194e78,
    type: 3}
  m_PrefabInstance: {fileID: 4916046319567560526}
  m_PrefabAsset: {fileID: 0}
--- !u!1001 &4916046320059290181
PrefabInstance:
  m_ObjectHideFlags: 0
  serializedVersion: 2
  m_Modification:
    m_TransformParent: {fileID: 4916046318870791473}
    m_Modifications:
    - target: {fileID: 6942524637460437953, guid: fd803bbe3c20b8b469ee1298450fc217,
        type: 3}
      propertyPath: m_Name
      value: StreetTile_4b_M
      objectReference: {fileID: 0}
    - target: {fileID: 6942524637460437953, guid: fd803bbe3c20b8b469ee1298450fc217,
        type: 3}
      propertyPath: m_IsActive
      value: 0
      objectReference: {fileID: 0}
    - target: {fileID: 7715543518118822267, guid: fd803bbe3c20b8b469ee1298450fc217,
        type: 3}
      propertyPath: m_RootOrder
      value: 2
      objectReference: {fileID: 0}
    - target: {fileID: 7715543518118822267, guid: fd803bbe3c20b8b469ee1298450fc217,
        type: 3}
      propertyPath: m_LocalPosition.x
      value: 0
      objectReference: {fileID: 0}
    - target: {fileID: 7715543518118822267, guid: fd803bbe3c20b8b469ee1298450fc217,
        type: 3}
      propertyPath: m_LocalPosition.y
      value: 0
      objectReference: {fileID: 0}
    - target: {fileID: 7715543518118822267, guid: fd803bbe3c20b8b469ee1298450fc217,
        type: 3}
      propertyPath: m_LocalPosition.z
      value: 0
      objectReference: {fileID: 0}
    - target: {fileID: 7715543518118822267, guid: fd803bbe3c20b8b469ee1298450fc217,
        type: 3}
      propertyPath: m_LocalRotation.w
      value: 1
      objectReference: {fileID: 0}
    - target: {fileID: 7715543518118822267, guid: fd803bbe3c20b8b469ee1298450fc217,
        type: 3}
      propertyPath: m_LocalRotation.x
      value: 0
      objectReference: {fileID: 0}
    - target: {fileID: 7715543518118822267, guid: fd803bbe3c20b8b469ee1298450fc217,
        type: 3}
      propertyPath: m_LocalRotation.y
      value: -0
      objectReference: {fileID: 0}
    - target: {fileID: 7715543518118822267, guid: fd803bbe3c20b8b469ee1298450fc217,
        type: 3}
      propertyPath: m_LocalRotation.z
      value: -0
      objectReference: {fileID: 0}
    - target: {fileID: 7715543518118822267, guid: fd803bbe3c20b8b469ee1298450fc217,
        type: 3}
      propertyPath: m_LocalEulerAnglesHint.x
      value: 0
      objectReference: {fileID: 0}
    - target: {fileID: 7715543518118822267, guid: fd803bbe3c20b8b469ee1298450fc217,
        type: 3}
      propertyPath: m_LocalEulerAnglesHint.y
      value: 0
      objectReference: {fileID: 0}
    - target: {fileID: 7715543518118822267, guid: fd803bbe3c20b8b469ee1298450fc217,
        type: 3}
      propertyPath: m_LocalEulerAnglesHint.z
      value: 0
      objectReference: {fileID: 0}
    m_RemovedComponents: []
  m_SourcePrefab: {fileID: 100100000, guid: fd803bbe3c20b8b469ee1298450fc217, type: 3}
--- !u!1 &2621520816297871748 stripped
GameObject:
  m_CorrespondingSourceObject: {fileID: 6942524637460437953, guid: fd803bbe3c20b8b469ee1298450fc217,
    type: 3}
  m_PrefabInstance: {fileID: 4916046320059290181}
  m_PrefabAsset: {fileID: 0}
--- !u!4 &3398621122957824830 stripped
Transform:
  m_CorrespondingSourceObject: {fileID: 7715543518118822267, guid: fd803bbe3c20b8b469ee1298450fc217,
    type: 3}
  m_PrefabInstance: {fileID: 4916046320059290181}
  m_PrefabAsset: {fileID: 0}
