%YAML 1.1
%TAG !u! tag:unity3d.com,2011:
--- !u!1 &7995668528400864832
GameObject:
  m_ObjectHideFlags: 0
  m_CorrespondingSourceObject: {fileID: 0}
  m_PrefabInstance: {fileID: 0}
  m_PrefabAsset: {fileID: 0}
  serializedVersion: 6
  m_Component:
  - component: {fileID: 7995668528400864834}
  - component: {fileID: 7995668528400864833}
  - component: {fileID: 6278212085058146523}
  m_Layer: 0
  m_Name: StreetTile_4a
  m_TagString: Untagged
  m_Icon: {fileID: 0}
  m_NavMeshLayer: 0
  m_StaticEditorFlags: 0
  m_IsActive: 1
--- !u!4 &7995668528400864834
Transform:
  m_ObjectHideFlags: 0
  m_CorrespondingSourceObject: {fileID: 0}
  m_PrefabInstance: {fileID: 0}
  m_PrefabAsset: {fileID: 0}
  m_GameObject: {fileID: 7995668528400864832}
  m_LocalRotation: {x: 0, y: 0, z: 0, w: 1}
  m_LocalPosition: {x: 0, y: 0, z: 0}
  m_LocalScale: {x: 1, y: 1, z: 1}
  m_Children:
  - {fileID: 3929472919757592361}
  - {fileID: 3576900333284972238}
  - {fileID: 7222544899544292995}
  - {fileID: 7995668528704378351}
  m_Father: {fileID: 0}
  m_RootOrder: 0
  m_LocalEulerAnglesHint: {x: 0, y: 0, z: 0}
--- !u!114 &7995668528400864833
MonoBehaviour:
  m_ObjectHideFlags: 0
  m_CorrespondingSourceObject: {fileID: 0}
  m_PrefabInstance: {fileID: 0}
  m_PrefabAsset: {fileID: 0}
  m_GameObject: {fileID: 7995668528400864832}
  m_Enabled: 1
  m_EditorHideFlags: 0
  m_Script: {fileID: 11500000, guid: bc398805fb323d14dbaeab13d184d549, type: 3}
  m_Name: 
  m_EditorClassIdentifier: 
  NoDamageTile: {fileID: 4450570601297038739}
  MinorDamageTile: {fileID: 4244751820303174772}
  MajorDamageTile: {fileID: 8030044568115594297}
  DamageEffects: {fileID: 4772858015973803246, guid: 7b8f6395e43d14b43b4dd5d0d892e75e,
    type: 3}
  DamageEffectsTransform: {fileID: 7995668528704378351}
  maxHealth: 400
  health: 0
  percentChanceOfDamage: 0.5
  damage: 50
  minorMaxDamagePercent: 0.75
  majorMaxDamagePercent: 1
--- !u!114 &6278212085058146523
MonoBehaviour:
  m_ObjectHideFlags: 0
  m_CorrespondingSourceObject: {fileID: 0}
  m_PrefabInstance: {fileID: 0}
  m_PrefabAsset: {fileID: 0}
  m_GameObject: {fileID: 7995668528400864832}
  m_Enabled: 1
  m_EditorHideFlags: 0
  m_Script: {fileID: 11500000, guid: f7c3d7fdc3866b84cbb3d36e756855ec, type: 3}
  m_Name: 
  m_EditorClassIdentifier: 
  destructionObjects:
  - {fileID: 2908768598257583618, guid: 4f9f479ecd6ef3e4f942ed0e96ac0a96, type: 3}
  - {fileID: 2488762473174016426, guid: bc5bc6c854621fa4dacaaf268c54b7dd, type: 3}
  - {fileID: 5110926579463692112, guid: 583de1300e1ac214b8fd9fca24cc6a39, type: 3}
  - {fileID: 2908768598257583618, guid: 4f9f479ecd6ef3e4f942ed0e96ac0a96, type: 3}
  - {fileID: 2488762473174016426, guid: bc5bc6c854621fa4dacaaf268c54b7dd, type: 3}
  offset: {x: 1.64, y: 0.25, z: -1.3}
  radius: 1.07
--- !u!1 &7995668528704378350
GameObject:
  m_ObjectHideFlags: 0
  m_CorrespondingSourceObject: {fileID: 0}
  m_PrefabInstance: {fileID: 0}
  m_PrefabAsset: {fileID: 0}
  serializedVersion: 6
  m_Component:
  - component: {fileID: 7995668528704378351}
  m_Layer: 0
  m_Name: EffectsPos
  m_TagString: Untagged
  m_Icon: {fileID: 0}
  m_NavMeshLayer: 0
  m_StaticEditorFlags: 0
  m_IsActive: 1
--- !u!4 &7995668528704378351
Transform:
  m_ObjectHideFlags: 0
  m_CorrespondingSourceObject: {fileID: 0}
  m_PrefabInstance: {fileID: 0}
  m_PrefabAsset: {fileID: 0}
  m_GameObject: {fileID: 7995668528704378350}
  m_LocalRotation: {x: 0, y: 0, z: 0, w: 1}
  m_LocalPosition: {x: 0, y: 0, z: 0}
  m_LocalScale: {x: 1, y: 1, z: 1}
  m_Children: []
  m_Father: {fileID: 7995668528400864834}
  m_RootOrder: 3
  m_LocalEulerAnglesHint: {x: 0, y: 0, z: 0}
--- !u!1001 &1619845809189351778
PrefabInstance:
  m_ObjectHideFlags: 0
  serializedVersion: 2
  m_Modification:
    m_TransformParent: {fileID: 7995668528400864834}
    m_Modifications:
    - target: {fileID: 2871443647835908012, guid: bda6b667870bf574e8bad93a53b360e8,
        type: 3}
      propertyPath: m_RootOrder
      value: 1
      objectReference: {fileID: 0}
    - target: {fileID: 2871443647835908012, guid: bda6b667870bf574e8bad93a53b360e8,
        type: 3}
      propertyPath: m_LocalPosition.x
      value: 0
      objectReference: {fileID: 0}
    - target: {fileID: 2871443647835908012, guid: bda6b667870bf574e8bad93a53b360e8,
        type: 3}
      propertyPath: m_LocalPosition.y
      value: 0
      objectReference: {fileID: 0}
    - target: {fileID: 2871443647835908012, guid: bda6b667870bf574e8bad93a53b360e8,
        type: 3}
      propertyPath: m_LocalPosition.z
      value: 0
      objectReference: {fileID: 0}
    - target: {fileID: 2871443647835908012, guid: bda6b667870bf574e8bad93a53b360e8,
        type: 3}
      propertyPath: m_LocalRotation.w
      value: 1
      objectReference: {fileID: 0}
    - target: {fileID: 2871443647835908012, guid: bda6b667870bf574e8bad93a53b360e8,
        type: 3}
      propertyPath: m_LocalRotation.x
      value: -0
      objectReference: {fileID: 0}
    - target: {fileID: 2871443647835908012, guid: bda6b667870bf574e8bad93a53b360e8,
        type: 3}
      propertyPath: m_LocalRotation.y
      value: -0
      objectReference: {fileID: 0}
    - target: {fileID: 2871443647835908012, guid: bda6b667870bf574e8bad93a53b360e8,
        type: 3}
      propertyPath: m_LocalRotation.z
      value: -0
      objectReference: {fileID: 0}
    - target: {fileID: 2871443647835908012, guid: bda6b667870bf574e8bad93a53b360e8,
        type: 3}
      propertyPath: m_LocalEulerAnglesHint.x
      value: 0
      objectReference: {fileID: 0}
    - target: {fileID: 2871443647835908012, guid: bda6b667870bf574e8bad93a53b360e8,
        type: 3}
      propertyPath: m_LocalEulerAnglesHint.y
      value: 0
      objectReference: {fileID: 0}
    - target: {fileID: 2871443647835908012, guid: bda6b667870bf574e8bad93a53b360e8,
        type: 3}
      propertyPath: m_LocalEulerAnglesHint.z
      value: 0
      objectReference: {fileID: 0}
    - target: {fileID: 3211834423590780182, guid: bda6b667870bf574e8bad93a53b360e8,
        type: 3}
      propertyPath: m_Name
      value: StreetTile_4a_mi
      objectReference: {fileID: 0}
    - target: {fileID: 3211834423590780182, guid: bda6b667870bf574e8bad93a53b360e8,
        type: 3}
      propertyPath: m_IsActive
      value: 0
      objectReference: {fileID: 0}
    m_RemovedComponents: []
  m_SourcePrefab: {fileID: 100100000, guid: bda6b667870bf574e8bad93a53b360e8, type: 3}
--- !u!1 &4244751820303174772 stripped
GameObject:
  m_CorrespondingSourceObject: {fileID: 3211834423590780182, guid: bda6b667870bf574e8bad93a53b360e8,
    type: 3}
  m_PrefabInstance: {fileID: 1619845809189351778}
  m_PrefabAsset: {fileID: 0}
--- !u!4 &3576900333284972238 stripped
Transform:
  m_CorrespondingSourceObject: {fileID: 2871443647835908012, guid: bda6b667870bf574e8bad93a53b360e8,
    type: 3}
  m_PrefabInstance: {fileID: 1619845809189351778}
  m_PrefabAsset: {fileID: 0}
--- !u!1001 &4156700223015851262
PrefabInstance:
  m_ObjectHideFlags: 0
  serializedVersion: 2
  m_Modification:
    m_TransformParent: {fileID: 7995668528400864834}
    m_Modifications:
    - target: {fileID: 318641449845315949, guid: af17f0240a75c2e40b7eac529b194e78,
        type: 3}
      propertyPath: m_Name
      value: StreetTileNormal_4
      objectReference: {fileID: 0}
    - target: {fileID: 1092081236745028567, guid: af17f0240a75c2e40b7eac529b194e78,
        type: 3}
      propertyPath: m_RootOrder
      value: 0
      objectReference: {fileID: 0}
    - target: {fileID: 1092081236745028567, guid: af17f0240a75c2e40b7eac529b194e78,
        type: 3}
      propertyPath: m_LocalPosition.x
      value: 0
      objectReference: {fileID: 0}
    - target: {fileID: 1092081236745028567, guid: af17f0240a75c2e40b7eac529b194e78,
        type: 3}
      propertyPath: m_LocalPosition.y
      value: 0
      objectReference: {fileID: 0}
    - target: {fileID: 1092081236745028567, guid: af17f0240a75c2e40b7eac529b194e78,
        type: 3}
      propertyPath: m_LocalPosition.z
      value: 0
      objectReference: {fileID: 0}
    - target: {fileID: 1092081236745028567, guid: af17f0240a75c2e40b7eac529b194e78,
        type: 3}
      propertyPath: m_LocalRotation.w
      value: 1
      objectReference: {fileID: 0}
    - target: {fileID: 1092081236745028567, guid: af17f0240a75c2e40b7eac529b194e78,
        type: 3}
      propertyPath: m_LocalRotation.x
      value: -0
      objectReference: {fileID: 0}
    - target: {fileID: 1092081236745028567, guid: af17f0240a75c2e40b7eac529b194e78,
        type: 3}
      propertyPath: m_LocalRotation.y
      value: -0
      objectReference: {fileID: 0}
    - target: {fileID: 1092081236745028567, guid: af17f0240a75c2e40b7eac529b194e78,
        type: 3}
      propertyPath: m_LocalRotation.z
      value: -0
      objectReference: {fileID: 0}
    - target: {fileID: 1092081236745028567, guid: af17f0240a75c2e40b7eac529b194e78,
        type: 3}
      propertyPath: m_LocalEulerAnglesHint.x
      value: 0
      objectReference: {fileID: 0}
    - target: {fileID: 1092081236745028567, guid: af17f0240a75c2e40b7eac529b194e78,
        type: 3}
      propertyPath: m_LocalEulerAnglesHint.y
      value: 0
      objectReference: {fileID: 0}
    - target: {fileID: 1092081236745028567, guid: af17f0240a75c2e40b7eac529b194e78,
        type: 3}
      propertyPath: m_LocalEulerAnglesHint.z
      value: 0
      objectReference: {fileID: 0}
    m_RemovedComponents: []
  m_SourcePrefab: {fileID: 100100000, guid: af17f0240a75c2e40b7eac529b194e78, type: 3}
--- !u!1 &4450570601297038739 stripped
GameObject:
  m_CorrespondingSourceObject: {fileID: 318641449845315949, guid: af17f0240a75c2e40b7eac529b194e78,
    type: 3}
  m_PrefabInstance: {fileID: 4156700223015851262}
  m_PrefabAsset: {fileID: 0}
--- !u!4 &3929472919757592361 stripped
Transform:
  m_CorrespondingSourceObject: {fileID: 1092081236745028567, guid: af17f0240a75c2e40b7eac529b194e78,
    type: 3}
  m_PrefabInstance: {fileID: 4156700223015851262}
  m_PrefabAsset: {fileID: 0}
--- !u!1001 &6455422780171203523
PrefabInstance:
  m_ObjectHideFlags: 0
  serializedVersion: 2
  m_Modification:
    m_TransformParent: {fileID: 7995668528400864834}
    m_Modifications:
    - target: {fileID: 3955908892445407226, guid: 3f9f199c06076824cb1ef27de99e0a7a,
        type: 3}
      propertyPath: m_Name
      value: StreetTile_4a_M
      objectReference: {fileID: 0}
    - target: {fileID: 3955908892445407226, guid: 3f9f199c06076824cb1ef27de99e0a7a,
        type: 3}
      propertyPath: m_IsActive
      value: 0
      objectReference: {fileID: 0}
    - target: {fileID: 4444461849826831680, guid: 3f9f199c06076824cb1ef27de99e0a7a,
        type: 3}
      propertyPath: m_RootOrder
      value: 2
      objectReference: {fileID: 0}
    - target: {fileID: 4444461849826831680, guid: 3f9f199c06076824cb1ef27de99e0a7a,
        type: 3}
      propertyPath: m_LocalPosition.x
      value: 0
      objectReference: {fileID: 0}
    - target: {fileID: 4444461849826831680, guid: 3f9f199c06076824cb1ef27de99e0a7a,
        type: 3}
      propertyPath: m_LocalPosition.y
      value: 0
      objectReference: {fileID: 0}
    - target: {fileID: 4444461849826831680, guid: 3f9f199c06076824cb1ef27de99e0a7a,
        type: 3}
      propertyPath: m_LocalPosition.z
      value: 0
      objectReference: {fileID: 0}
    - target: {fileID: 4444461849826831680, guid: 3f9f199c06076824cb1ef27de99e0a7a,
        type: 3}
      propertyPath: m_LocalRotation.w
      value: 1
      objectReference: {fileID: 0}
    - target: {fileID: 4444461849826831680, guid: 3f9f199c06076824cb1ef27de99e0a7a,
        type: 3}
      propertyPath: m_LocalRotation.x
      value: -0
      objectReference: {fileID: 0}
    - target: {fileID: 4444461849826831680, guid: 3f9f199c06076824cb1ef27de99e0a7a,
        type: 3}
      propertyPath: m_LocalRotation.y
      value: -0
      objectReference: {fileID: 0}
    - target: {fileID: 4444461849826831680, guid: 3f9f199c06076824cb1ef27de99e0a7a,
        type: 3}
      propertyPath: m_LocalRotation.z
      value: -0
      objectReference: {fileID: 0}
    - target: {fileID: 4444461849826831680, guid: 3f9f199c06076824cb1ef27de99e0a7a,
        type: 3}
      propertyPath: m_LocalEulerAnglesHint.x
      value: 0
      objectReference: {fileID: 0}
    - target: {fileID: 4444461849826831680, guid: 3f9f199c06076824cb1ef27de99e0a7a,
        type: 3}
      propertyPath: m_LocalEulerAnglesHint.y
      value: 0
      objectReference: {fileID: 0}
    - target: {fileID: 4444461849826831680, guid: 3f9f199c06076824cb1ef27de99e0a7a,
        type: 3}
      propertyPath: m_LocalEulerAnglesHint.z
      value: 0
      objectReference: {fileID: 0}
    m_RemovedComponents: []
  m_SourcePrefab: {fileID: 100100000, guid: 3f9f199c06076824cb1ef27de99e0a7a, type: 3}
--- !u!1 &8030044568115594297 stripped
GameObject:
  m_CorrespondingSourceObject: {fileID: 3955908892445407226, guid: 3f9f199c06076824cb1ef27de99e0a7a,
    type: 3}
  m_PrefabInstance: {fileID: 6455422780171203523}
  m_PrefabAsset: {fileID: 0}
--- !u!4 &7222544899544292995 stripped
Transform:
  m_CorrespondingSourceObject: {fileID: 4444461849826831680, guid: 3f9f199c06076824cb1ef27de99e0a7a,
    type: 3}
  m_PrefabInstance: {fileID: 6455422780171203523}
  m_PrefabAsset: {fileID: 0}
