%YAML 1.1
%TAG !u! tag:unity3d.com,2011:
--- !u!1 &5692432640347103589
GameObject:
  m_ObjectHideFlags: 0
  m_CorrespondingSourceObject: {fileID: 0}
  m_PrefabInstance: {fileID: 0}
  m_PrefabAsset: {fileID: 0}
  serializedVersion: 6
  m_Component:
  - component: {fileID: 5692432640347103591}
  - component: {fileID: 5692432640347103588}
  - component: {fileID: 3955442753231171390}
  m_Layer: 0
  m_Name: StreetTile_1c
  m_TagString: Untagged
  m_Icon: {fileID: 0}
  m_NavMeshLayer: 0
  m_StaticEditorFlags: 0
  m_IsActive: 1
--- !u!4 &5692432640347103591
Transform:
  m_ObjectHideFlags: 0
  m_CorrespondingSourceObject: {fileID: 0}
  m_PrefabInstance: {fileID: 0}
  m_PrefabAsset: {fileID: 0}
  m_GameObject: {fileID: 5692432640347103589}
  m_LocalRotation: {x: 0, y: 0, z: 0, w: 1}
  m_LocalPosition: {x: 0, y: 0, z: 0}
  m_LocalScale: {x: 1, y: 1, z: 1}
  m_ConstrainProportionsScale: 0
  m_Children:
  - {fileID: 1780483016446879108}
  - {fileID: 1652197179776279169}
  - {fileID: 1725967935252865272}
  - {fileID: 1087268857011605850}
  m_Father: {fileID: 0}
  m_RootOrder: 0
  m_LocalEulerAnglesHint: {x: 0, y: 0, z: 0}
--- !u!114 &5692432640347103588
MonoBehaviour:
  m_ObjectHideFlags: 0
  m_CorrespondingSourceObject: {fileID: 0}
  m_PrefabInstance: {fileID: 0}
  m_PrefabAsset: {fileID: 0}
  m_GameObject: {fileID: 5692432640347103589}
  m_Enabled: 1
  m_EditorHideFlags: 0
  m_Script: {fileID: 11500000, guid: bc398805fb323d14dbaeab13d184d549, type: 3}
  m_Name: 
  m_EditorClassIdentifier: 
  NoDamageTile: {fileID: 1440689476549410622}
  MinorDamageTile: {fileID: 2136421703470282811}
  MajorDamageTile: {fileID: 2069419549996251714}
  DamageEffects: {fileID: 4772858015973803246, guid: 7b8f6395e43d14b43b4dd5d0d892e75e,
    type: 3}
  DamageEffectsTransform: {fileID: 1087268857011605850}
  maxHealth: 200
  health: 0
  percentChanceOfDamage: 0.75
  damage: 50
  minorMaxDamagePercent: 0.75
  majorMaxDamagePercent: 1
--- !u!114 &3955442753231171390
MonoBehaviour:
  m_ObjectHideFlags: 0
  m_CorrespondingSourceObject: {fileID: 0}
  m_PrefabInstance: {fileID: 0}
  m_PrefabAsset: {fileID: 0}
  m_GameObject: {fileID: 5692432640347103589}
  m_Enabled: 1
  m_EditorHideFlags: 0
  m_Script: {fileID: 11500000, guid: f7c3d7fdc3866b84cbb3d36e756855ec, type: 3}
  m_Name: 
  m_EditorClassIdentifier: 
  destructionObjects:
  - {fileID: 2908768598257583618, guid: 4f9f479ecd6ef3e4f942ed0e96ac0a96, type: 3}
  - {fileID: 2488762473174016426, guid: bc5bc6c854621fa4dacaaf268c54b7dd, type: 3}
  - {fileID: 5110926579463692112, guid: 583de1300e1ac214b8fd9fca24cc6a39, type: 3}
  offset: {x: 0.8, y: 0.25, z: -0.8}
  radius: 0.75
--- !u!1 &7956668470726202147
GameObject:
  m_ObjectHideFlags: 0
  m_CorrespondingSourceObject: {fileID: 0}
  m_PrefabInstance: {fileID: 0}
  m_PrefabAsset: {fileID: 0}
  serializedVersion: 6
  m_Component:
  - component: {fileID: 1087268857011605850}
  m_Layer: 0
  m_Name: EffectPos
  m_TagString: Untagged
  m_Icon: {fileID: 0}
  m_NavMeshLayer: 0
  m_StaticEditorFlags: 0
  m_IsActive: 1
--- !u!4 &1087268857011605850
Transform:
  m_ObjectHideFlags: 0
  m_CorrespondingSourceObject: {fileID: 0}
  m_PrefabInstance: {fileID: 0}
  m_PrefabAsset: {fileID: 0}
  m_GameObject: {fileID: 7956668470726202147}
  m_LocalRotation: {x: 0, y: 0, z: 0, w: 1}
  m_LocalPosition: {x: 0, y: 0, z: 0}
  m_LocalScale: {x: 1, y: 1, z: 1}
  m_ConstrainProportionsScale: 0
  m_Children: []
  m_Father: {fileID: 5692432640347103591}
  m_RootOrder: 3
  m_LocalEulerAnglesHint: {x: 0, y: 0, z: 0}
--- !u!1001 &1147957211760079432
PrefabInstance:
  m_ObjectHideFlags: 0
  serializedVersion: 2
  m_Modification:
    m_TransformParent: {fileID: 5692432640347103591}
    m_Modifications:
    - target: {fileID: 1393392520088045578, guid: ffac3c32b00dd4246ad7dbfacf72eb04,
        type: 3}
      propertyPath: m_Name
      value: StreetTile_1c_M
      objectReference: {fileID: 0}
    - target: {fileID: 1393392520088045578, guid: ffac3c32b00dd4246ad7dbfacf72eb04,
        type: 3}
      propertyPath: m_IsActive
      value: 0
      objectReference: {fileID: 0}
    - target: {fileID: 1737689830860034736, guid: ffac3c32b00dd4246ad7dbfacf72eb04,
        type: 3}
      propertyPath: m_RootOrder
      value: 2
      objectReference: {fileID: 0}
    - target: {fileID: 1737689830860034736, guid: ffac3c32b00dd4246ad7dbfacf72eb04,
        type: 3}
      propertyPath: m_LocalPosition.x
      value: 0
      objectReference: {fileID: 0}
    - target: {fileID: 1737689830860034736, guid: ffac3c32b00dd4246ad7dbfacf72eb04,
        type: 3}
      propertyPath: m_LocalPosition.y
      value: 0
      objectReference: {fileID: 0}
    - target: {fileID: 1737689830860034736, guid: ffac3c32b00dd4246ad7dbfacf72eb04,
        type: 3}
      propertyPath: m_LocalPosition.z
      value: 0
      objectReference: {fileID: 0}
    - target: {fileID: 1737689830860034736, guid: ffac3c32b00dd4246ad7dbfacf72eb04,
        type: 3}
      propertyPath: m_LocalRotation.w
      value: 1
      objectReference: {fileID: 0}
    - target: {fileID: 1737689830860034736, guid: ffac3c32b00dd4246ad7dbfacf72eb04,
        type: 3}
      propertyPath: m_LocalRotation.x
      value: 0
      objectReference: {fileID: 0}
    - target: {fileID: 1737689830860034736, guid: ffac3c32b00dd4246ad7dbfacf72eb04,
        type: 3}
      propertyPath: m_LocalRotation.y
      value: -0
      objectReference: {fileID: 0}
    - target: {fileID: 1737689830860034736, guid: ffac3c32b00dd4246ad7dbfacf72eb04,
        type: 3}
      propertyPath: m_LocalRotation.z
      value: -0
      objectReference: {fileID: 0}
    - target: {fileID: 1737689830860034736, guid: ffac3c32b00dd4246ad7dbfacf72eb04,
        type: 3}
      propertyPath: m_LocalEulerAnglesHint.x
      value: 0
      objectReference: {fileID: 0}
    - target: {fileID: 1737689830860034736, guid: ffac3c32b00dd4246ad7dbfacf72eb04,
        type: 3}
      propertyPath: m_LocalEulerAnglesHint.y
      value: 0
      objectReference: {fileID: 0}
    - target: {fileID: 1737689830860034736, guid: ffac3c32b00dd4246ad7dbfacf72eb04,
        type: 3}
      propertyPath: m_LocalEulerAnglesHint.z
      value: 0
      objectReference: {fileID: 0}
    m_RemovedComponents: []
  m_SourcePrefab: {fileID: 100100000, guid: ffac3c32b00dd4246ad7dbfacf72eb04, type: 3}
--- !u!4 &1725967935252865272 stripped
Transform:
  m_CorrespondingSourceObject: {fileID: 1737689830860034736, guid: ffac3c32b00dd4246ad7dbfacf72eb04,
    type: 3}
  m_PrefabInstance: {fileID: 1147957211760079432}
  m_PrefabAsset: {fileID: 0}
--- !u!1 &2069419549996251714 stripped
GameObject:
  m_CorrespondingSourceObject: {fileID: 1393392520088045578, guid: ffac3c32b00dd4246ad7dbfacf72eb04,
    type: 3}
  m_PrefabInstance: {fileID: 1147957211760079432}
  m_PrefabAsset: {fileID: 0}
--- !u!1001 &4766373818262617772
PrefabInstance:
  m_ObjectHideFlags: 0
  serializedVersion: 2
  m_Modification:
    m_TransformParent: {fileID: 5692432640347103591}
    m_Modifications:
    - target: {fileID: 6109211135128656941, guid: 5fb34f2dd4cae6c4d8208d4a4cd2c380,
        type: 3}
      propertyPath: m_RootOrder
      value: 1
      objectReference: {fileID: 0}
    - target: {fileID: 6109211135128656941, guid: 5fb34f2dd4cae6c4d8208d4a4cd2c380,
        type: 3}
      propertyPath: m_LocalPosition.x
      value: 0
      objectReference: {fileID: 0}
    - target: {fileID: 6109211135128656941, guid: 5fb34f2dd4cae6c4d8208d4a4cd2c380,
        type: 3}
      propertyPath: m_LocalPosition.y
      value: 0
      objectReference: {fileID: 0}
    - target: {fileID: 6109211135128656941, guid: 5fb34f2dd4cae6c4d8208d4a4cd2c380,
        type: 3}
      propertyPath: m_LocalPosition.z
      value: 0
      objectReference: {fileID: 0}
    - target: {fileID: 6109211135128656941, guid: 5fb34f2dd4cae6c4d8208d4a4cd2c380,
        type: 3}
      propertyPath: m_LocalRotation.w
      value: 1
      objectReference: {fileID: 0}
    - target: {fileID: 6109211135128656941, guid: 5fb34f2dd4cae6c4d8208d4a4cd2c380,
        type: 3}
      propertyPath: m_LocalRotation.x
      value: 0
      objectReference: {fileID: 0}
    - target: {fileID: 6109211135128656941, guid: 5fb34f2dd4cae6c4d8208d4a4cd2c380,
        type: 3}
      propertyPath: m_LocalRotation.y
      value: -0
      objectReference: {fileID: 0}
    - target: {fileID: 6109211135128656941, guid: 5fb34f2dd4cae6c4d8208d4a4cd2c380,
        type: 3}
      propertyPath: m_LocalRotation.z
      value: -0
      objectReference: {fileID: 0}
    - target: {fileID: 6109211135128656941, guid: 5fb34f2dd4cae6c4d8208d4a4cd2c380,
        type: 3}
      propertyPath: m_LocalEulerAnglesHint.x
      value: 0
      objectReference: {fileID: 0}
    - target: {fileID: 6109211135128656941, guid: 5fb34f2dd4cae6c4d8208d4a4cd2c380,
        type: 3}
      propertyPath: m_LocalEulerAnglesHint.y
      value: 0
      objectReference: {fileID: 0}
    - target: {fileID: 6109211135128656941, guid: 5fb34f2dd4cae6c4d8208d4a4cd2c380,
        type: 3}
      propertyPath: m_LocalEulerAnglesHint.z
      value: 0
      objectReference: {fileID: 0}
    - target: {fileID: 6882511250178442903, guid: 5fb34f2dd4cae6c4d8208d4a4cd2c380,
        type: 3}
      propertyPath: m_Name
      value: StreetTile_1c_mi
      objectReference: {fileID: 0}
    - target: {fileID: 6882511250178442903, guid: 5fb34f2dd4cae6c4d8208d4a4cd2c380,
        type: 3}
      propertyPath: m_IsActive
      value: 0
      objectReference: {fileID: 0}
    m_RemovedComponents: []
  m_SourcePrefab: {fileID: 100100000, guid: 5fb34f2dd4cae6c4d8208d4a4cd2c380, type: 3}
--- !u!4 &1652197179776279169 stripped
Transform:
  m_CorrespondingSourceObject: {fileID: 6109211135128656941, guid: 5fb34f2dd4cae6c4d8208d4a4cd2c380,
    type: 3}
  m_PrefabInstance: {fileID: 4766373818262617772}
  m_PrefabAsset: {fileID: 0}
--- !u!1 &2136421703470282811 stripped
GameObject:
  m_CorrespondingSourceObject: {fileID: 6882511250178442903, guid: 5fb34f2dd4cae6c4d8208d4a4cd2c380,
    type: 3}
  m_PrefabInstance: {fileID: 4766373818262617772}
  m_PrefabAsset: {fileID: 0}
--- !u!1001 &5939026510200467940
PrefabInstance:
  m_ObjectHideFlags: 0
  serializedVersion: 2
  m_Modification:
    m_TransformParent: {fileID: 5692432640347103591}
    m_Modifications:
    - target: {fileID: 4725949840234548954, guid: 09341137a47d50744aa12a61ae7110cc,
        type: 3}
      propertyPath: m_Name
      value: StreetTileNormal
      objectReference: {fileID: 0}
    - target: {fileID: 5394787868152353888, guid: 09341137a47d50744aa12a61ae7110cc,
        type: 3}
      propertyPath: m_RootOrder
      value: 0
      objectReference: {fileID: 0}
    - target: {fileID: 5394787868152353888, guid: 09341137a47d50744aa12a61ae7110cc,
        type: 3}
      propertyPath: m_LocalPosition.x
      value: 0
      objectReference: {fileID: 0}
    - target: {fileID: 5394787868152353888, guid: 09341137a47d50744aa12a61ae7110cc,
        type: 3}
      propertyPath: m_LocalPosition.y
      value: 0
      objectReference: {fileID: 0}
    - target: {fileID: 5394787868152353888, guid: 09341137a47d50744aa12a61ae7110cc,
        type: 3}
      propertyPath: m_LocalPosition.z
      value: 0
      objectReference: {fileID: 0}
    - target: {fileID: 5394787868152353888, guid: 09341137a47d50744aa12a61ae7110cc,
        type: 3}
      propertyPath: m_LocalRotation.w
      value: 1
      objectReference: {fileID: 0}
    - target: {fileID: 5394787868152353888, guid: 09341137a47d50744aa12a61ae7110cc,
        type: 3}
      propertyPath: m_LocalRotation.x
      value: -0
      objectReference: {fileID: 0}
    - target: {fileID: 5394787868152353888, guid: 09341137a47d50744aa12a61ae7110cc,
        type: 3}
      propertyPath: m_LocalRotation.y
      value: -0
      objectReference: {fileID: 0}
    - target: {fileID: 5394787868152353888, guid: 09341137a47d50744aa12a61ae7110cc,
        type: 3}
      propertyPath: m_LocalRotation.z
      value: -0
      objectReference: {fileID: 0}
    - target: {fileID: 5394787868152353888, guid: 09341137a47d50744aa12a61ae7110cc,
        type: 3}
      propertyPath: m_LocalEulerAnglesHint.x
      value: 0
      objectReference: {fileID: 0}
    - target: {fileID: 5394787868152353888, guid: 09341137a47d50744aa12a61ae7110cc,
        type: 3}
      propertyPath: m_LocalEulerAnglesHint.y
      value: 0
      objectReference: {fileID: 0}
    - target: {fileID: 5394787868152353888, guid: 09341137a47d50744aa12a61ae7110cc,
        type: 3}
      propertyPath: m_LocalEulerAnglesHint.z
      value: 0
      objectReference: {fileID: 0}
    m_RemovedComponents: []
  m_SourcePrefab: {fileID: 100100000, guid: 09341137a47d50744aa12a61ae7110cc, type: 3}
--- !u!1 &1440689476549410622 stripped
GameObject:
  m_CorrespondingSourceObject: {fileID: 4725949840234548954, guid: 09341137a47d50744aa12a61ae7110cc,
    type: 3}
  m_PrefabInstance: {fileID: 5939026510200467940}
  m_PrefabAsset: {fileID: 0}
--- !u!4 &1780483016446879108 stripped
Transform:
  m_CorrespondingSourceObject: {fileID: 5394787868152353888, guid: 09341137a47d50744aa12a61ae7110cc,
    type: 3}
  m_PrefabInstance: {fileID: 5939026510200467940}
  m_PrefabAsset: {fileID: 0}
