%YAML 1.1
%TAG !u! tag:unity3d.com,2011:
--- !u!1 &5459781437790097475
GameObject:
  m_ObjectHideFlags: 0
  m_CorrespondingSourceObject: {fileID: 0}
  m_PrefabInstance: {fileID: 0}
  m_PrefabAsset: {fileID: 0}
  serializedVersion: 6
  m_Component:
  - component: {fileID: 8953528747811722916}
  m_Layer: 0
  m_Name: EffectsPos
  m_TagString: Untagged
  m_Icon: {fileID: 0}
  m_NavMeshLayer: 0
  m_StaticEditorFlags: 0
  m_IsActive: 1
--- !u!4 &8953528747811722916
Transform:
  m_ObjectHideFlags: 0
  m_CorrespondingSourceObject: {fileID: 0}
  m_PrefabInstance: {fileID: 0}
  m_PrefabAsset: {fileID: 0}
  m_GameObject: {fileID: 5459781437790097475}
  m_LocalRotation: {x: 0, y: 0, z: 0, w: 1}
  m_LocalPosition: {x: 0.8, y: 0.5, z: -0.8}
  m_LocalScale: {x: 1, y: 1, z: 1}
  m_Children: []
  m_Father: {fileID: 8929107934317313229}
  m_RootOrder: 3
  m_LocalEulerAnglesHint: {x: 0, y: 0, z: 0}
--- !u!1 &7595936021854829460
GameObject:
  m_ObjectHideFlags: 0
  m_CorrespondingSourceObject: {fileID: 0}
  m_PrefabInstance: {fileID: 0}
  m_PrefabAsset: {fileID: 0}
  serializedVersion: 6
  m_Component:
  - component: {fileID: 8929107934317313229}
  - component: {fileID: 211676856599341699}
  - component: {fileID: 2978592546451254389}
  m_Layer: 0
  m_Name: StreetTile_Sidewalk_4a
  m_TagString: Untagged
  m_Icon: {fileID: 0}
  m_NavMeshLayer: 0
  m_StaticEditorFlags: 0
  m_IsActive: 1
--- !u!4 &8929107934317313229
Transform:
  m_ObjectHideFlags: 0
  m_CorrespondingSourceObject: {fileID: 0}
  m_PrefabInstance: {fileID: 0}
  m_PrefabAsset: {fileID: 0}
  m_GameObject: {fileID: 7595936021854829460}
  m_LocalRotation: {x: 0, y: 0, z: 0, w: 1}
  m_LocalPosition: {x: 0, y: 0, z: 0}
  m_LocalScale: {x: 1, y: 1, z: 1}
  m_Children:
  - {fileID: 3094544362860396912}
  - {fileID: 758421288742427704}
  - {fileID: 7767191255296039764}
  - {fileID: 8953528747811722916}
  m_Father: {fileID: 0}
  m_RootOrder: 0
  m_LocalEulerAnglesHint: {x: 0, y: 0, z: 0}
--- !u!114 &211676856599341699
MonoBehaviour:
  m_ObjectHideFlags: 0
  m_CorrespondingSourceObject: {fileID: 0}
  m_PrefabInstance: {fileID: 0}
  m_PrefabAsset: {fileID: 0}
  m_GameObject: {fileID: 7595936021854829460}
  m_Enabled: 1
  m_EditorHideFlags: 0
  m_Script: {fileID: 11500000, guid: bc398805fb323d14dbaeab13d184d549, type: 3}
  m_Name: 
  m_EditorClassIdentifier: 
  NoDamageTile: {fileID: 2430210003350264778}
  MinorDamageTile: {fileID: 129940869546919554}
  MajorDamageTile: {fileID: 6953922758380126702}
  DamageEffects: {fileID: 4772858015973803246, guid: 7b8f6395e43d14b43b4dd5d0d892e75e,
    type: 3}
  DamageEffectsTransform: {fileID: 8953528747811722916}
  maxHealth: 200
  health: 0
  percentChanceOfDamage: 0.5
  damage: 50
  minorMaxDamagePercent: 0.75
  majorMaxDamagePercent: 1
--- !u!114 &2978592546451254389
MonoBehaviour:
  m_ObjectHideFlags: 0
  m_CorrespondingSourceObject: {fileID: 0}
  m_PrefabInstance: {fileID: 0}
  m_PrefabAsset: {fileID: 0}
  m_GameObject: {fileID: 7595936021854829460}
  m_Enabled: 1
  m_EditorHideFlags: 0
  m_Script: {fileID: 11500000, guid: 45eed7ae8e28c6d4f91a197123488dfa, type: 3}
  m_Name: 
  m_EditorClassIdentifier: 
  gridSize: {x: 1.6, y: 0, z: 1.6}
--- !u!1001 &799183165157448831
PrefabInstance:
  m_ObjectHideFlags: 0
  serializedVersion: 2
  m_Modification:
    m_TransformParent: {fileID: 8929107934317313229}
    m_Modifications:
    - target: {fileID: 6979980815247492907, guid: bae3fae8cd8ba354ca29e9296cc74d78,
        type: 3}
      propertyPath: m_RootOrder
      value: 2
      objectReference: {fileID: 0}
    - target: {fileID: 6979980815247492907, guid: bae3fae8cd8ba354ca29e9296cc74d78,
        type: 3}
      propertyPath: m_LocalPosition.x
      value: 0
      objectReference: {fileID: 0}
    - target: {fileID: 6979980815247492907, guid: bae3fae8cd8ba354ca29e9296cc74d78,
        type: 3}
      propertyPath: m_LocalPosition.y
      value: 0
      objectReference: {fileID: 0}
    - target: {fileID: 6979980815247492907, guid: bae3fae8cd8ba354ca29e9296cc74d78,
        type: 3}
      propertyPath: m_LocalPosition.z
      value: 0
      objectReference: {fileID: 0}
    - target: {fileID: 6979980815247492907, guid: bae3fae8cd8ba354ca29e9296cc74d78,
        type: 3}
      propertyPath: m_LocalRotation.w
      value: 1
      objectReference: {fileID: 0}
    - target: {fileID: 6979980815247492907, guid: bae3fae8cd8ba354ca29e9296cc74d78,
        type: 3}
      propertyPath: m_LocalRotation.x
      value: 0
      objectReference: {fileID: 0}
    - target: {fileID: 6979980815247492907, guid: bae3fae8cd8ba354ca29e9296cc74d78,
        type: 3}
      propertyPath: m_LocalRotation.y
      value: -0
      objectReference: {fileID: 0}
    - target: {fileID: 6979980815247492907, guid: bae3fae8cd8ba354ca29e9296cc74d78,
        type: 3}
      propertyPath: m_LocalRotation.z
      value: -0
      objectReference: {fileID: 0}
    - target: {fileID: 6979980815247492907, guid: bae3fae8cd8ba354ca29e9296cc74d78,
        type: 3}
      propertyPath: m_LocalEulerAnglesHint.x
      value: 0
      objectReference: {fileID: 0}
    - target: {fileID: 6979980815247492907, guid: bae3fae8cd8ba354ca29e9296cc74d78,
        type: 3}
      propertyPath: m_LocalEulerAnglesHint.y
      value: 0
      objectReference: {fileID: 0}
    - target: {fileID: 6979980815247492907, guid: bae3fae8cd8ba354ca29e9296cc74d78,
        type: 3}
      propertyPath: m_LocalEulerAnglesHint.z
      value: 0
      objectReference: {fileID: 0}
    - target: {fileID: 7752400565336677777, guid: bae3fae8cd8ba354ca29e9296cc74d78,
        type: 3}
      propertyPath: m_Name
      value: StreetTile_Sidewalk_4a_M
      objectReference: {fileID: 0}
    - target: {fileID: 7752400565336677777, guid: bae3fae8cd8ba354ca29e9296cc74d78,
        type: 3}
      propertyPath: m_IsActive
      value: 0
      objectReference: {fileID: 0}
    m_RemovedComponents: []
  m_SourcePrefab: {fileID: 100100000, guid: bae3fae8cd8ba354ca29e9296cc74d78, type: 3}
--- !u!1 &6953922758380126702 stripped
GameObject:
  m_CorrespondingSourceObject: {fileID: 7752400565336677777, guid: bae3fae8cd8ba354ca29e9296cc74d78,
    type: 3}
  m_PrefabInstance: {fileID: 799183165157448831}
  m_PrefabAsset: {fileID: 0}
--- !u!4 &7767191255296039764 stripped
Transform:
  m_CorrespondingSourceObject: {fileID: 6979980815247492907, guid: bae3fae8cd8ba354ca29e9296cc74d78,
    type: 3}
  m_PrefabInstance: {fileID: 799183165157448831}
  m_PrefabAsset: {fileID: 0}
--- !u!1001 &1093183366965056347
PrefabInstance:
  m_ObjectHideFlags: 0
  serializedVersion: 2
  m_Modification:
    m_TransformParent: {fileID: 8929107934317313229}
    m_Modifications:
    - target: {fileID: 409177059601370979, guid: 65977a004791c1043a05f1cc6adc9889,
        type: 3}
      propertyPath: m_RootOrder
      value: 1
      objectReference: {fileID: 0}
    - target: {fileID: 409177059601370979, guid: 65977a004791c1043a05f1cc6adc9889,
        type: 3}
      propertyPath: m_LocalPosition.x
      value: 0
      objectReference: {fileID: 0}
    - target: {fileID: 409177059601370979, guid: 65977a004791c1043a05f1cc6adc9889,
        type: 3}
      propertyPath: m_LocalPosition.y
      value: 0
      objectReference: {fileID: 0}
    - target: {fileID: 409177059601370979, guid: 65977a004791c1043a05f1cc6adc9889,
        type: 3}
      propertyPath: m_LocalPosition.z
      value: 0
      objectReference: {fileID: 0}
    - target: {fileID: 409177059601370979, guid: 65977a004791c1043a05f1cc6adc9889,
        type: 3}
      propertyPath: m_LocalRotation.w
      value: 1
      objectReference: {fileID: 0}
    - target: {fileID: 409177059601370979, guid: 65977a004791c1043a05f1cc6adc9889,
        type: 3}
      propertyPath: m_LocalRotation.x
      value: 0
      objectReference: {fileID: 0}
    - target: {fileID: 409177059601370979, guid: 65977a004791c1043a05f1cc6adc9889,
        type: 3}
      propertyPath: m_LocalRotation.y
      value: -0
      objectReference: {fileID: 0}
    - target: {fileID: 409177059601370979, guid: 65977a004791c1043a05f1cc6adc9889,
        type: 3}
      propertyPath: m_LocalRotation.z
      value: -0
      objectReference: {fileID: 0}
    - target: {fileID: 409177059601370979, guid: 65977a004791c1043a05f1cc6adc9889,
        type: 3}
      propertyPath: m_LocalEulerAnglesHint.x
      value: 0
      objectReference: {fileID: 0}
    - target: {fileID: 409177059601370979, guid: 65977a004791c1043a05f1cc6adc9889,
        type: 3}
      propertyPath: m_LocalEulerAnglesHint.y
      value: 0
      objectReference: {fileID: 0}
    - target: {fileID: 409177059601370979, guid: 65977a004791c1043a05f1cc6adc9889,
        type: 3}
      propertyPath: m_LocalEulerAnglesHint.z
      value: 0
      objectReference: {fileID: 0}
    - target: {fileID: 1073652156851492313, guid: 65977a004791c1043a05f1cc6adc9889,
        type: 3}
      propertyPath: m_Name
      value: StreetTile_Sidewalk_4a_mi
      objectReference: {fileID: 0}
    - target: {fileID: 1073652156851492313, guid: 65977a004791c1043a05f1cc6adc9889,
        type: 3}
      propertyPath: m_IsActive
      value: 0
      objectReference: {fileID: 0}
    m_RemovedComponents: []
  m_SourcePrefab: {fileID: 100100000, guid: 65977a004791c1043a05f1cc6adc9889, type: 3}
--- !u!1 &129940869546919554 stripped
GameObject:
  m_CorrespondingSourceObject: {fileID: 1073652156851492313, guid: 65977a004791c1043a05f1cc6adc9889,
    type: 3}
  m_PrefabInstance: {fileID: 1093183366965056347}
  m_PrefabAsset: {fileID: 0}
--- !u!4 &758421288742427704 stripped
Transform:
  m_CorrespondingSourceObject: {fileID: 409177059601370979, guid: 65977a004791c1043a05f1cc6adc9889,
    type: 3}
  m_PrefabInstance: {fileID: 1093183366965056347}
  m_PrefabAsset: {fileID: 0}
--- !u!1001 &4244918050370571905
PrefabInstance:
  m_ObjectHideFlags: 0
  serializedVersion: 2
  m_Modification:
    m_TransformParent: {fileID: 8929107934317313229}
    m_Modifications:
    - target: {fileID: 1160518899049959409, guid: a060bcdd50684e447b0aea68b7757cbe,
        type: 3}
      propertyPath: m_RootOrder
      value: 0
      objectReference: {fileID: 0}
    - target: {fileID: 1160518899049959409, guid: a060bcdd50684e447b0aea68b7757cbe,
        type: 3}
      propertyPath: m_LocalPosition.x
      value: 0
      objectReference: {fileID: 0}
    - target: {fileID: 1160518899049959409, guid: a060bcdd50684e447b0aea68b7757cbe,
        type: 3}
      propertyPath: m_LocalPosition.y
      value: 0
      objectReference: {fileID: 0}
    - target: {fileID: 1160518899049959409, guid: a060bcdd50684e447b0aea68b7757cbe,
        type: 3}
      propertyPath: m_LocalPosition.z
      value: 0
      objectReference: {fileID: 0}
    - target: {fileID: 1160518899049959409, guid: a060bcdd50684e447b0aea68b7757cbe,
        type: 3}
      propertyPath: m_LocalRotation.w
      value: 1
      objectReference: {fileID: 0}
    - target: {fileID: 1160518899049959409, guid: a060bcdd50684e447b0aea68b7757cbe,
        type: 3}
      propertyPath: m_LocalRotation.x
      value: 0
      objectReference: {fileID: 0}
    - target: {fileID: 1160518899049959409, guid: a060bcdd50684e447b0aea68b7757cbe,
        type: 3}
      propertyPath: m_LocalRotation.y
      value: -0
      objectReference: {fileID: 0}
    - target: {fileID: 1160518899049959409, guid: a060bcdd50684e447b0aea68b7757cbe,
        type: 3}
      propertyPath: m_LocalRotation.z
      value: -0
      objectReference: {fileID: 0}
    - target: {fileID: 1160518899049959409, guid: a060bcdd50684e447b0aea68b7757cbe,
        type: 3}
      propertyPath: m_LocalEulerAnglesHint.x
      value: 0
      objectReference: {fileID: 0}
    - target: {fileID: 1160518899049959409, guid: a060bcdd50684e447b0aea68b7757cbe,
        type: 3}
      propertyPath: m_LocalEulerAnglesHint.y
      value: 0
      objectReference: {fileID: 0}
    - target: {fileID: 1160518899049959409, guid: a060bcdd50684e447b0aea68b7757cbe,
        type: 3}
      propertyPath: m_LocalEulerAnglesHint.z
      value: 0
      objectReference: {fileID: 0}
    - target: {fileID: 1968404431060882763, guid: a060bcdd50684e447b0aea68b7757cbe,
        type: 3}
      propertyPath: m_Name
      value: StreetTile_Sidewalk_4
      objectReference: {fileID: 0}
    m_RemovedComponents: []
  m_SourcePrefab: {fileID: 100100000, guid: a060bcdd50684e447b0aea68b7757cbe, type: 3}
--- !u!1 &2430210003350264778 stripped
GameObject:
  m_CorrespondingSourceObject: {fileID: 1968404431060882763, guid: a060bcdd50684e447b0aea68b7757cbe,
    type: 3}
  m_PrefabInstance: {fileID: 4244918050370571905}
  m_PrefabAsset: {fileID: 0}
--- !u!4 &3094544362860396912 stripped
Transform:
  m_CorrespondingSourceObject: {fileID: 1160518899049959409, guid: a060bcdd50684e447b0aea68b7757cbe,
    type: 3}
  m_PrefabInstance: {fileID: 4244918050370571905}
  m_PrefabAsset: {fileID: 0}
