%YAML 1.1
%TAG !u! tag:unity3d.com,2011:
--- !u!1 &6795249901452364629
GameObject:
  m_ObjectHideFlags: 0
  m_CorrespondingSourceObject: {fileID: 0}
  m_PrefabInstance: {fileID: 0}
  m_PrefabAsset: {fileID: 0}
  serializedVersion: 6
  m_Component:
  - component: {fileID: 7622847557693296050}
  m_Layer: 0
  m_Name: EffectsPos
  m_TagString: Untagged
  m_Icon: {fileID: 0}
  m_NavMeshLayer: 0
  m_StaticEditorFlags: 0
  m_IsActive: 1
--- !u!4 &7622847557693296050
Transform:
  m_ObjectHideFlags: 0
  m_CorrespondingSourceObject: {fileID: 0}
  m_PrefabInstance: {fileID: 0}
  m_PrefabAsset: {fileID: 0}
  m_GameObject: {fileID: 6795249901452364629}
  m_LocalRotation: {x: 0, y: 0, z: 0, w: 1}
  m_LocalPosition: {x: 0.8, y: 0.5, z: -0.8}
  m_LocalScale: {x: 1, y: 1, z: 1}
  m_Children: []
  m_Father: {fileID: 7953930722132715483}
  m_RootOrder: 3
  m_LocalEulerAnglesHint: {x: 0, y: 0, z: 0}
--- !u!1 &8998955198589411458
GameObject:
  m_ObjectHideFlags: 0
  m_CorrespondingSourceObject: {fileID: 0}
  m_PrefabInstance: {fileID: 0}
  m_PrefabAsset: {fileID: 0}
  serializedVersion: 6
  m_Component:
  - component: {fileID: 7953930722132715483}
  - component: {fileID: 1691277001078731157}
  - component: {fileID: 2477620078330496903}
  m_Layer: 0
  m_Name: StreetTile_Sidewalk_1b
  m_TagString: Untagged
  m_Icon: {fileID: 0}
  m_NavMeshLayer: 0
  m_StaticEditorFlags: 0
  m_IsActive: 1
--- !u!4 &7953930722132715483
Transform:
  m_ObjectHideFlags: 0
  m_CorrespondingSourceObject: {fileID: 0}
  m_PrefabInstance: {fileID: 0}
  m_PrefabAsset: {fileID: 0}
  m_GameObject: {fileID: 8998955198589411458}
  m_LocalRotation: {x: 0, y: 0, z: 0, w: 1}
  m_LocalPosition: {x: 0, y: 0, z: 0}
  m_LocalScale: {x: 1, y: 1, z: 1}
  m_Children:
  - {fileID: 2949251112428883904}
  - {fileID: 5389980342821689364}
  - {fileID: 8891176839960349556}
  - {fileID: 7622847557693296050}
  m_Father: {fileID: 0}
  m_RootOrder: 0
  m_LocalEulerAnglesHint: {x: 0, y: 0, z: 0}
--- !u!114 &1691277001078731157
MonoBehaviour:
  m_ObjectHideFlags: 0
  m_CorrespondingSourceObject: {fileID: 0}
  m_PrefabInstance: {fileID: 0}
  m_PrefabAsset: {fileID: 0}
  m_GameObject: {fileID: 8998955198589411458}
  m_Enabled: 1
  m_EditorHideFlags: 0
  m_Script: {fileID: 11500000, guid: bc398805fb323d14dbaeab13d184d549, type: 3}
  m_Name: 
  m_EditorClassIdentifier: 
  NoDamageTile: {fileID: 2568750457217324410}
  MinorDamageTile: {fileID: 4721705609069183662}
  MajorDamageTile: {fileID: 8081743164797620686}
  DamageEffects: {fileID: 4772858015973803246, guid: 7b8f6395e43d14b43b4dd5d0d892e75e,
    type: 3}
  DamageEffectsTransform: {fileID: 7622847557693296050}
  maxHealth: 200
  health: 0
  percentChanceOfDamage: 0.5
  damage: 50
  minorMaxDamagePercent: 0.75
  majorMaxDamagePercent: 1
--- !u!114 &2477620078330496903
MonoBehaviour:
  m_ObjectHideFlags: 0
  m_CorrespondingSourceObject: {fileID: 0}
  m_PrefabInstance: {fileID: 0}
  m_PrefabAsset: {fileID: 0}
  m_GameObject: {fileID: 8998955198589411458}
  m_Enabled: 1
  m_EditorHideFlags: 0
  m_Script: {fileID: 11500000, guid: 45eed7ae8e28c6d4f91a197123488dfa, type: 3}
  m_Name: 
  m_EditorClassIdentifier: 
  gridSize: {x: 1.6, y: 0, z: 1.6}
--- !u!1001 &5818584891099357196
PrefabInstance:
  m_ObjectHideFlags: 0
  serializedVersion: 2
  m_Modification:
    m_TransformParent: {fileID: 7953930722132715483}
    m_Modifications:
    - target: {fileID: 1241051885312893602, guid: afa43bab3186c4a4e8b496f08bfc3c5b,
        type: 3}
      propertyPath: m_Name
      value: StreetTile_Sidewalk_1b_mi
      objectReference: {fileID: 0}
    - target: {fileID: 1241051885312893602, guid: afa43bab3186c4a4e8b496f08bfc3c5b,
        type: 3}
      propertyPath: m_IsActive
      value: 0
      objectReference: {fileID: 0}
    - target: {fileID: 1905808457535535128, guid: afa43bab3186c4a4e8b496f08bfc3c5b,
        type: 3}
      propertyPath: m_RootOrder
      value: 1
      objectReference: {fileID: 0}
    - target: {fileID: 1905808457535535128, guid: afa43bab3186c4a4e8b496f08bfc3c5b,
        type: 3}
      propertyPath: m_LocalPosition.x
      value: -2.73
      objectReference: {fileID: 0}
    - target: {fileID: 1905808457535535128, guid: afa43bab3186c4a4e8b496f08bfc3c5b,
        type: 3}
      propertyPath: m_LocalPosition.y
      value: 0
      objectReference: {fileID: 0}
    - target: {fileID: 1905808457535535128, guid: afa43bab3186c4a4e8b496f08bfc3c5b,
        type: 3}
      propertyPath: m_LocalPosition.z
      value: -4.32
      objectReference: {fileID: 0}
    - target: {fileID: 1905808457535535128, guid: afa43bab3186c4a4e8b496f08bfc3c5b,
        type: 3}
      propertyPath: m_LocalRotation.w
      value: 1
      objectReference: {fileID: 0}
    - target: {fileID: 1905808457535535128, guid: afa43bab3186c4a4e8b496f08bfc3c5b,
        type: 3}
      propertyPath: m_LocalRotation.x
      value: -0
      objectReference: {fileID: 0}
    - target: {fileID: 1905808457535535128, guid: afa43bab3186c4a4e8b496f08bfc3c5b,
        type: 3}
      propertyPath: m_LocalRotation.y
      value: -0
      objectReference: {fileID: 0}
    - target: {fileID: 1905808457535535128, guid: afa43bab3186c4a4e8b496f08bfc3c5b,
        type: 3}
      propertyPath: m_LocalRotation.z
      value: -0
      objectReference: {fileID: 0}
    - target: {fileID: 1905808457535535128, guid: afa43bab3186c4a4e8b496f08bfc3c5b,
        type: 3}
      propertyPath: m_LocalEulerAnglesHint.x
      value: 0
      objectReference: {fileID: 0}
    - target: {fileID: 1905808457535535128, guid: afa43bab3186c4a4e8b496f08bfc3c5b,
        type: 3}
      propertyPath: m_LocalEulerAnglesHint.y
      value: 0
      objectReference: {fileID: 0}
    - target: {fileID: 1905808457535535128, guid: afa43bab3186c4a4e8b496f08bfc3c5b,
        type: 3}
      propertyPath: m_LocalEulerAnglesHint.z
      value: 0
      objectReference: {fileID: 0}
    m_RemovedComponents: []
  m_SourcePrefab: {fileID: 100100000, guid: afa43bab3186c4a4e8b496f08bfc3c5b, type: 3}
--- !u!1 &4721705609069183662 stripped
GameObject:
  m_CorrespondingSourceObject: {fileID: 1241051885312893602, guid: afa43bab3186c4a4e8b496f08bfc3c5b,
    type: 3}
  m_PrefabInstance: {fileID: 5818584891099357196}
  m_PrefabAsset: {fileID: 0}
--- !u!4 &5389980342821689364 stripped
Transform:
  m_CorrespondingSourceObject: {fileID: 1905808457535535128, guid: afa43bab3186c4a4e8b496f08bfc3c5b,
    type: 3}
  m_PrefabInstance: {fileID: 5818584891099357196}
  m_PrefabAsset: {fileID: 0}
--- !u!1001 &6590027747530915868
PrefabInstance:
  m_ObjectHideFlags: 0
  serializedVersion: 2
  m_Modification:
    m_TransformParent: {fileID: 7953930722132715483}
    m_Modifications:
    - target: {fileID: 8329868278842494940, guid: 6041953520b86564b900783c1933af40,
        type: 3}
      propertyPath: m_RootOrder
      value: 0
      objectReference: {fileID: 0}
    - target: {fileID: 8329868278842494940, guid: 6041953520b86564b900783c1933af40,
        type: 3}
      propertyPath: m_LocalPosition.x
      value: 0
      objectReference: {fileID: 0}
    - target: {fileID: 8329868278842494940, guid: 6041953520b86564b900783c1933af40,
        type: 3}
      propertyPath: m_LocalPosition.y
      value: 0
      objectReference: {fileID: 0}
    - target: {fileID: 8329868278842494940, guid: 6041953520b86564b900783c1933af40,
        type: 3}
      propertyPath: m_LocalPosition.z
      value: 0
      objectReference: {fileID: 0}
    - target: {fileID: 8329868278842494940, guid: 6041953520b86564b900783c1933af40,
        type: 3}
      propertyPath: m_LocalRotation.w
      value: 1
      objectReference: {fileID: 0}
    - target: {fileID: 8329868278842494940, guid: 6041953520b86564b900783c1933af40,
        type: 3}
      propertyPath: m_LocalRotation.x
      value: 0
      objectReference: {fileID: 0}
    - target: {fileID: 8329868278842494940, guid: 6041953520b86564b900783c1933af40,
        type: 3}
      propertyPath: m_LocalRotation.y
      value: 0
      objectReference: {fileID: 0}
    - target: {fileID: 8329868278842494940, guid: 6041953520b86564b900783c1933af40,
        type: 3}
      propertyPath: m_LocalRotation.z
      value: 0
      objectReference: {fileID: 0}
    - target: {fileID: 8329868278842494940, guid: 6041953520b86564b900783c1933af40,
        type: 3}
      propertyPath: m_LocalEulerAnglesHint.x
      value: 0
      objectReference: {fileID: 0}
    - target: {fileID: 8329868278842494940, guid: 6041953520b86564b900783c1933af40,
        type: 3}
      propertyPath: m_LocalEulerAnglesHint.y
      value: 0
      objectReference: {fileID: 0}
    - target: {fileID: 8329868278842494940, guid: 6041953520b86564b900783c1933af40,
        type: 3}
      propertyPath: m_LocalEulerAnglesHint.z
      value: 0
      objectReference: {fileID: 0}
    - target: {fileID: 8706148282839324006, guid: 6041953520b86564b900783c1933af40,
        type: 3}
      propertyPath: m_Name
      value: StreetTile_Sidewalk_1
      objectReference: {fileID: 0}
    m_RemovedComponents: []
  m_SourcePrefab: {fileID: 100100000, guid: 6041953520b86564b900783c1933af40, type: 3}
--- !u!1 &2568750457217324410 stripped
GameObject:
  m_CorrespondingSourceObject: {fileID: 8706148282839324006, guid: 6041953520b86564b900783c1933af40,
    type: 3}
  m_PrefabInstance: {fileID: 6590027747530915868}
  m_PrefabAsset: {fileID: 0}
--- !u!4 &2949251112428883904 stripped
Transform:
  m_CorrespondingSourceObject: {fileID: 8329868278842494940, guid: 6041953520b86564b900783c1933af40,
    type: 3}
  m_PrefabInstance: {fileID: 6590027747530915868}
  m_PrefabAsset: {fileID: 0}
--- !u!1001 &7337907452388465638
PrefabInstance:
  m_ObjectHideFlags: 0
  serializedVersion: 2
  m_Modification:
    m_TransformParent: {fileID: 7953930722132715483}
    m_Modifications:
    - target: {fileID: 1584534131893226024, guid: 72ae83ef649c4874398669a22b130956,
        type: 3}
      propertyPath: m_Name
      value: StreetTile_Sidewalk_1b_M
      objectReference: {fileID: 0}
    - target: {fileID: 1584534131893226024, guid: 72ae83ef649c4874398669a22b130956,
        type: 3}
      propertyPath: m_IsActive
      value: 0
      objectReference: {fileID: 0}
    - target: {fileID: 2213156143055376530, guid: 72ae83ef649c4874398669a22b130956,
        type: 3}
      propertyPath: m_RootOrder
      value: 2
      objectReference: {fileID: 0}
    - target: {fileID: 2213156143055376530, guid: 72ae83ef649c4874398669a22b130956,
        type: 3}
      propertyPath: m_LocalPosition.x
      value: -3.4
      objectReference: {fileID: 0}
    - target: {fileID: 2213156143055376530, guid: 72ae83ef649c4874398669a22b130956,
        type: 3}
      propertyPath: m_LocalPosition.y
      value: 0
      objectReference: {fileID: 0}
    - target: {fileID: 2213156143055376530, guid: 72ae83ef649c4874398669a22b130956,
        type: 3}
      propertyPath: m_LocalPosition.z
      value: -2.28
      objectReference: {fileID: 0}
    - target: {fileID: 2213156143055376530, guid: 72ae83ef649c4874398669a22b130956,
        type: 3}
      propertyPath: m_LocalRotation.w
      value: 1
      objectReference: {fileID: 0}
    - target: {fileID: 2213156143055376530, guid: 72ae83ef649c4874398669a22b130956,
        type: 3}
      propertyPath: m_LocalRotation.x
      value: -0
      objectReference: {fileID: 0}
    - target: {fileID: 2213156143055376530, guid: 72ae83ef649c4874398669a22b130956,
        type: 3}
      propertyPath: m_LocalRotation.y
      value: -0
      objectReference: {fileID: 0}
    - target: {fileID: 2213156143055376530, guid: 72ae83ef649c4874398669a22b130956,
        type: 3}
      propertyPath: m_LocalRotation.z
      value: -0
      objectReference: {fileID: 0}
    - target: {fileID: 2213156143055376530, guid: 72ae83ef649c4874398669a22b130956,
        type: 3}
      propertyPath: m_LocalEulerAnglesHint.x
      value: 0
      objectReference: {fileID: 0}
    - target: {fileID: 2213156143055376530, guid: 72ae83ef649c4874398669a22b130956,
        type: 3}
      propertyPath: m_LocalEulerAnglesHint.y
      value: 0
      objectReference: {fileID: 0}
    - target: {fileID: 2213156143055376530, guid: 72ae83ef649c4874398669a22b130956,
        type: 3}
      propertyPath: m_LocalEulerAnglesHint.z
      value: 0
      objectReference: {fileID: 0}
    m_RemovedComponents: []
  m_SourcePrefab: {fileID: 100100000, guid: 72ae83ef649c4874398669a22b130956, type: 3}
--- !u!1 &8081743164797620686 stripped
GameObject:
  m_CorrespondingSourceObject: {fileID: 1584534131893226024, guid: 72ae83ef649c4874398669a22b130956,
    type: 3}
  m_PrefabInstance: {fileID: 7337907452388465638}
  m_PrefabAsset: {fileID: 0}
--- !u!4 &8891176839960349556 stripped
Transform:
  m_CorrespondingSourceObject: {fileID: 2213156143055376530, guid: 72ae83ef649c4874398669a22b130956,
    type: 3}
  m_PrefabInstance: {fileID: 7337907452388465638}
  m_PrefabAsset: {fileID: 0}
