%YAML 1.1
%TAG !u! tag:unity3d.com,2011:
--- !u!1 &1514120568684221301
GameObject:
  m_ObjectHideFlags: 0
  m_CorrespondingSourceObject: {fileID: 0}
  m_PrefabInstance: {fileID: 0}
  m_PrefabAsset: {fileID: 0}
  serializedVersion: 6
  m_Component:
  - component: {fileID: 1514120568684221300}
  m_Layer: 0
  m_Name: EffectsPos
  m_TagString: Untagged
  m_Icon: {fileID: 0}
  m_NavMeshLayer: 0
  m_StaticEditorFlags: 0
  m_IsActive: 1
--- !u!4 &1514120568684221300
Transform:
  m_ObjectHideFlags: 0
  m_CorrespondingSourceObject: {fileID: 0}
  m_PrefabInstance: {fileID: 0}
  m_PrefabAsset: {fileID: 0}
  m_GameObject: {fileID: 1514120568684221301}
  m_LocalRotation: {x: -0.7071068, y: -0, z: -0, w: 0.7071068}
  m_LocalPosition: {x: 0.73, y: 0.343, z: -0.961}
  m_LocalScale: {x: 1, y: 1, z: 1}
  m_Children: []
  m_Father: {fileID: 8629926857620380225}
  m_RootOrder: 3
  m_LocalEulerAnglesHint: {x: -90, y: 0, z: 0}
--- !u!1 &8629926857620380238
GameObject:
  m_ObjectHideFlags: 0
  m_CorrespondingSourceObject: {fileID: 0}
  m_PrefabInstance: {fileID: 0}
  m_PrefabAsset: {fileID: 0}
  serializedVersion: 6
  m_Component:
  - component: {fileID: 8629926857620380225}
  - component: {fileID: 8629926857620380224}
  m_Layer: 0
  m_Name: GrassTile_1a_a
  m_TagString: Untagged
  m_Icon: {fileID: 0}
  m_NavMeshLayer: 0
  m_StaticEditorFlags: 0
  m_IsActive: 1
--- !u!4 &8629926857620380225
Transform:
  m_ObjectHideFlags: 0
  m_CorrespondingSourceObject: {fileID: 0}
  m_PrefabInstance: {fileID: 0}
  m_PrefabAsset: {fileID: 0}
  m_GameObject: {fileID: 8629926857620380238}
  m_LocalRotation: {x: 0, y: 0, z: 0, w: 1}
  m_LocalPosition: {x: 0, y: -0.16, z: 0}
  m_LocalScale: {x: 1, y: 1, z: 1}
  m_Children:
  - {fileID: 5212470480636882789}
  - {fileID: 3977348553263649402}
  - {fileID: 6682029743705378877}
  - {fileID: 1514120568684221300}
  m_Father: {fileID: 0}
  m_RootOrder: 0
  m_LocalEulerAnglesHint: {x: 0, y: 0, z: 0}
--- !u!114 &8629926857620380224
MonoBehaviour:
  m_ObjectHideFlags: 0
  m_CorrespondingSourceObject: {fileID: 0}
  m_PrefabInstance: {fileID: 0}
  m_PrefabAsset: {fileID: 0}
  m_GameObject: {fileID: 8629926857620380238}
  m_Enabled: 1
  m_EditorHideFlags: 0
  m_Script: {fileID: 11500000, guid: bc398805fb323d14dbaeab13d184d549, type: 3}
  m_Name: 
  m_EditorClassIdentifier: 
  NoDamageTile: {fileID: 4836227070027789791}
  MinorDamageTile: {fileID: 4357709566264330432}
  MajorDamageTile: {fileID: 6336712056415652487}
  DamageEffects: {fileID: 7083001140893457040, guid: 0e7041d8940ea9c4faecaa1d564d76ff,
    type: 3}
  DamageEffectsTransform: {fileID: 1514120568684221300}
  maxHealth: 75
  health: 0
  percentChanceOfDamage: 0.7
  damage: 50
  minorMaxDamagePercent: 0.5
  majorMaxDamagePercent: 1
--- !u!1001 &5350444436949570490
PrefabInstance:
  m_ObjectHideFlags: 0
  serializedVersion: 2
  m_Modification:
    m_TransformParent: {fileID: 8629926857620380225}
    m_Modifications:
    - target: {fileID: 150574368425655519, guid: 521ab7f0e46c66b4ab3da8599074df11,
        type: 3}
      propertyPath: m_RootOrder
      value: 0
      objectReference: {fileID: 0}
    - target: {fileID: 150574368425655519, guid: 521ab7f0e46c66b4ab3da8599074df11,
        type: 3}
      propertyPath: m_LocalPosition.x
      value: 0
      objectReference: {fileID: 0}
    - target: {fileID: 150574368425655519, guid: 521ab7f0e46c66b4ab3da8599074df11,
        type: 3}
      propertyPath: m_LocalPosition.y
      value: 0
      objectReference: {fileID: 0}
    - target: {fileID: 150574368425655519, guid: 521ab7f0e46c66b4ab3da8599074df11,
        type: 3}
      propertyPath: m_LocalPosition.z
      value: 0
      objectReference: {fileID: 0}
    - target: {fileID: 150574368425655519, guid: 521ab7f0e46c66b4ab3da8599074df11,
        type: 3}
      propertyPath: m_LocalRotation.w
      value: 1
      objectReference: {fileID: 0}
    - target: {fileID: 150574368425655519, guid: 521ab7f0e46c66b4ab3da8599074df11,
        type: 3}
      propertyPath: m_LocalRotation.x
      value: -0
      objectReference: {fileID: 0}
    - target: {fileID: 150574368425655519, guid: 521ab7f0e46c66b4ab3da8599074df11,
        type: 3}
      propertyPath: m_LocalRotation.y
      value: -0
      objectReference: {fileID: 0}
    - target: {fileID: 150574368425655519, guid: 521ab7f0e46c66b4ab3da8599074df11,
        type: 3}
      propertyPath: m_LocalRotation.z
      value: -0
      objectReference: {fileID: 0}
    - target: {fileID: 150574368425655519, guid: 521ab7f0e46c66b4ab3da8599074df11,
        type: 3}
      propertyPath: m_LocalEulerAnglesHint.x
      value: 0
      objectReference: {fileID: 0}
    - target: {fileID: 150574368425655519, guid: 521ab7f0e46c66b4ab3da8599074df11,
        type: 3}
      propertyPath: m_LocalEulerAnglesHint.y
      value: 0
      objectReference: {fileID: 0}
    - target: {fileID: 150574368425655519, guid: 521ab7f0e46c66b4ab3da8599074df11,
        type: 3}
      propertyPath: m_LocalEulerAnglesHint.z
      value: 0
      objectReference: {fileID: 0}
    - target: {fileID: 674733158204860005, guid: 521ab7f0e46c66b4ab3da8599074df11,
        type: 3}
      propertyPath: m_Name
      value: GrassTile_1a
      objectReference: {fileID: 0}
    - target: {fileID: 674733158204860005, guid: 521ab7f0e46c66b4ab3da8599074df11,
        type: 3}
      propertyPath: m_IsActive
      value: 1
      objectReference: {fileID: 0}
    m_RemovedComponents: []
  m_SourcePrefab: {fileID: 100100000, guid: 521ab7f0e46c66b4ab3da8599074df11, type: 3}
--- !u!1 &4836227070027789791 stripped
GameObject:
  m_CorrespondingSourceObject: {fileID: 674733158204860005, guid: 521ab7f0e46c66b4ab3da8599074df11,
    type: 3}
  m_PrefabInstance: {fileID: 5350444436949570490}
  m_PrefabAsset: {fileID: 0}
--- !u!4 &5212470480636882789 stripped
Transform:
  m_CorrespondingSourceObject: {fileID: 150574368425655519, guid: 521ab7f0e46c66b4ab3da8599074df11,
    type: 3}
  m_PrefabInstance: {fileID: 5350444436949570490}
  m_PrefabAsset: {fileID: 0}
--- !u!1001 &7138881641799496349
PrefabInstance:
  m_ObjectHideFlags: 0
  serializedVersion: 2
  m_Modification:
    m_TransformParent: {fileID: 8629926857620380225}
    m_Modifications:
    - target: {fileID: 6061852142459003111, guid: 72365a87f3d86cb4cb0afea980ce3616,
        type: 3}
      propertyPath: m_RootOrder
      value: 1
      objectReference: {fileID: 0}
    - target: {fileID: 6061852142459003111, guid: 72365a87f3d86cb4cb0afea980ce3616,
        type: 3}
      propertyPath: m_LocalPosition.x
      value: 0
      objectReference: {fileID: 0}
    - target: {fileID: 6061852142459003111, guid: 72365a87f3d86cb4cb0afea980ce3616,
        type: 3}
      propertyPath: m_LocalPosition.y
      value: 0
      objectReference: {fileID: 0}
    - target: {fileID: 6061852142459003111, guid: 72365a87f3d86cb4cb0afea980ce3616,
        type: 3}
      propertyPath: m_LocalPosition.z
      value: 0
      objectReference: {fileID: 0}
    - target: {fileID: 6061852142459003111, guid: 72365a87f3d86cb4cb0afea980ce3616,
        type: 3}
      propertyPath: m_LocalRotation.w
      value: 1
      objectReference: {fileID: 0}
    - target: {fileID: 6061852142459003111, guid: 72365a87f3d86cb4cb0afea980ce3616,
        type: 3}
      propertyPath: m_LocalRotation.x
      value: -0
      objectReference: {fileID: 0}
    - target: {fileID: 6061852142459003111, guid: 72365a87f3d86cb4cb0afea980ce3616,
        type: 3}
      propertyPath: m_LocalRotation.y
      value: -0
      objectReference: {fileID: 0}
    - target: {fileID: 6061852142459003111, guid: 72365a87f3d86cb4cb0afea980ce3616,
        type: 3}
      propertyPath: m_LocalRotation.z
      value: -0
      objectReference: {fileID: 0}
    - target: {fileID: 6061852142459003111, guid: 72365a87f3d86cb4cb0afea980ce3616,
        type: 3}
      propertyPath: m_LocalEulerAnglesHint.x
      value: 0
      objectReference: {fileID: 0}
    - target: {fileID: 6061852142459003111, guid: 72365a87f3d86cb4cb0afea980ce3616,
        type: 3}
      propertyPath: m_LocalEulerAnglesHint.y
      value: 0
      objectReference: {fileID: 0}
    - target: {fileID: 6061852142459003111, guid: 72365a87f3d86cb4cb0afea980ce3616,
        type: 3}
      propertyPath: m_LocalEulerAnglesHint.z
      value: 0
      objectReference: {fileID: 0}
    - target: {fileID: 6875825395737164381, guid: 72365a87f3d86cb4cb0afea980ce3616,
        type: 3}
      propertyPath: m_Name
      value: GrassTile_1a_a_mi
      objectReference: {fileID: 0}
    m_RemovedComponents: []
  m_SourcePrefab: {fileID: 100100000, guid: 72365a87f3d86cb4cb0afea980ce3616, type: 3}
--- !u!1 &4357709566264330432 stripped
GameObject:
  m_CorrespondingSourceObject: {fileID: 6875825395737164381, guid: 72365a87f3d86cb4cb0afea980ce3616,
    type: 3}
  m_PrefabInstance: {fileID: 7138881641799496349}
  m_PrefabAsset: {fileID: 0}
--- !u!4 &3977348553263649402 stripped
Transform:
  m_CorrespondingSourceObject: {fileID: 6061852142459003111, guid: 72365a87f3d86cb4cb0afea980ce3616,
    type: 3}
  m_PrefabInstance: {fileID: 7138881641799496349}
  m_PrefabAsset: {fileID: 0}
--- !u!1001 &7917209575540123145
PrefabInstance:
  m_ObjectHideFlags: 0
  serializedVersion: 2
  m_Modification:
    m_TransformParent: {fileID: 8629926857620380225}
    m_Modifications:
    - target: {fileID: 3559183526278772276, guid: 17f7d29dc048ef748adb50d10a80d7fc,
        type: 3}
      propertyPath: m_RootOrder
      value: 2
      objectReference: {fileID: 0}
    - target: {fileID: 3559183526278772276, guid: 17f7d29dc048ef748adb50d10a80d7fc,
        type: 3}
      propertyPath: m_LocalPosition.x
      value: 0
      objectReference: {fileID: 0}
    - target: {fileID: 3559183526278772276, guid: 17f7d29dc048ef748adb50d10a80d7fc,
        type: 3}
      propertyPath: m_LocalPosition.y
      value: 0
      objectReference: {fileID: 0}
    - target: {fileID: 3559183526278772276, guid: 17f7d29dc048ef748adb50d10a80d7fc,
        type: 3}
      propertyPath: m_LocalPosition.z
      value: 0
      objectReference: {fileID: 0}
    - target: {fileID: 3559183526278772276, guid: 17f7d29dc048ef748adb50d10a80d7fc,
        type: 3}
      propertyPath: m_LocalRotation.w
      value: 1
      objectReference: {fileID: 0}
    - target: {fileID: 3559183526278772276, guid: 17f7d29dc048ef748adb50d10a80d7fc,
        type: 3}
      propertyPath: m_LocalRotation.x
      value: -0
      objectReference: {fileID: 0}
    - target: {fileID: 3559183526278772276, guid: 17f7d29dc048ef748adb50d10a80d7fc,
        type: 3}
      propertyPath: m_LocalRotation.y
      value: -0
      objectReference: {fileID: 0}
    - target: {fileID: 3559183526278772276, guid: 17f7d29dc048ef748adb50d10a80d7fc,
        type: 3}
      propertyPath: m_LocalRotation.z
      value: -0
      objectReference: {fileID: 0}
    - target: {fileID: 3559183526278772276, guid: 17f7d29dc048ef748adb50d10a80d7fc,
        type: 3}
      propertyPath: m_LocalEulerAnglesHint.x
      value: 0
      objectReference: {fileID: 0}
    - target: {fileID: 3559183526278772276, guid: 17f7d29dc048ef748adb50d10a80d7fc,
        type: 3}
      propertyPath: m_LocalEulerAnglesHint.y
      value: 0
      objectReference: {fileID: 0}
    - target: {fileID: 3559183526278772276, guid: 17f7d29dc048ef748adb50d10a80d7fc,
        type: 3}
      propertyPath: m_LocalEulerAnglesHint.z
      value: 0
      objectReference: {fileID: 0}
    - target: {fileID: 4192589723211197582, guid: 17f7d29dc048ef748adb50d10a80d7fc,
        type: 3}
      propertyPath: m_Name
      value: GrassTile_1a_a_M
      objectReference: {fileID: 0}
    - target: {fileID: 4192589723211197582, guid: 17f7d29dc048ef748adb50d10a80d7fc,
        type: 3}
      propertyPath: m_IsActive
      value: 0
      objectReference: {fileID: 0}
    m_RemovedComponents: []
  m_SourcePrefab: {fileID: 100100000, guid: 17f7d29dc048ef748adb50d10a80d7fc, type: 3}
--- !u!1 &6336712056415652487 stripped
GameObject:
  m_CorrespondingSourceObject: {fileID: 4192589723211197582, guid: 17f7d29dc048ef748adb50d10a80d7fc,
    type: 3}
  m_PrefabInstance: {fileID: 7917209575540123145}
  m_PrefabAsset: {fileID: 0}
--- !u!4 &6682029743705378877 stripped
Transform:
  m_CorrespondingSourceObject: {fileID: 3559183526278772276, guid: 17f7d29dc048ef748adb50d10a80d7fc,
    type: 3}
  m_PrefabInstance: {fileID: 7917209575540123145}
  m_PrefabAsset: {fileID: 0}
